@article{arsenovic2019solving,
  title={Solving current limitations of deep learning based approaches for plant disease detection},
  author={Arsenovic, Marko and Karanovic, Mirjana and Sladojevic, Srdjan and Anderla, Andras and Stefanovic, Darko},
  journal={Symmetry},
  volume={11},
  number={7},
  pages={939},
  year={2019},
  publisher={Multidisciplinary Digital Publishing Institute}
}

@article{auernhammer2001precision,
  title={Precision farmingâ€”the environmental challenge},
  author={Auernhammer, Hermann},
  journal={Computers and electronics in agriculture},
  volume={30},
  number={1-3},
  pages={31--43},
  year={2001},
  publisher={Elsevier}
}

@misc{howard2018fastai,
  title={fastai},
  author={Howard, Jeremy and others},
  year={2018},
  publisher={GitHub},
  howpublished={\url{https://github.com/fastai/fastai}},
}

@article{otero2005fertiliser,
  title={Fertiliser characterisation: major, trace and rare earth elements},
  author={Otero, N and Vitoria, L and Soler, A and Canals, A},
  journal={Applied geochemistry},
  volume={20},
  number={8},
  pages={1473--1488},
  year={2005},
  publisher={Elsevier}
}

@article{ondoua2017precision,
  title={Precision agriculture advances and limitations: Lessons to the stakeholders},
  author={Ondoua, Roger Nkoa and Walsh, Olga},
  journal={Crops \& Soils},
  volume={50},
  number={4},
  pages={40--47},
  year={2017},
  publisher={Wiley Online Library}
}


@article{xu1996monitoring,
  title={Monitoring leaf area of sugar beet using ERS-1 SAR data},
  author={Xu, H and Steven, MD and Jaggard, KW},
  journal={International Journal of Remote Sensing},
  volume={17},
  number={17},
  pages={3401--3410},
  year={1996},
  publisher={Taylor \& Francis}
}

@article{hillnhutter2011remote,
  title={Remote sensing to detect plant stress induced by Heterodera schachtii and Rhizoctonia solani in sugar beet fields},
  author={Hillnh{\"u}tter, C and Mahlein, A-K and Sikora, RA and Oerke, E-C},
  journal={Field Crops Research},
  volume={122},
  number={1},
  pages={70--77},
  year={2011},
  publisher={Elsevier}
}


@inproceedings{ramesh2018plant,
  title={Plant disease detection using machine learning},
  author={Ramesh, Shima and Hebbar, Ramachandra and Niveditha, M and Pooja, R and Shashank, N and Vinod, PV and others},
  booktitle={2018 International conference on design innovations for 3Cs compute communicate control (ICDI3C)},
  pages={41--45},
  year={2018},
  organization={IEEE}
}

@article{raza2015automatic,
  title={Automatic detection of diseased tomato plants using thermal and stereo visible light images},
  author={Raza, Shan-e-Ahmed and Prince, Gillian and Clarkson, John P and Rajpoot, Nasir M},
  journal={PloS one},
  volume={10},
  number={4},
  pages={e0123262},
  year={2015},
  publisher={Public Library of Science San Francisco, CA USA}
}

@article{turkouglu2019plant,
  title={Plant disease and pest detection using deep learning-based features},
  author={T{\"u}rko{\u{g}}lu, Muammer and Hanbay, Davut},
  journal={Turkish Journal of Electrical Engineering \& Computer Sciences},
  volume={27},
  number={3},
  pages={1636--1651},
  year={2019},
  publisher={The Scientific and Technological Research Council of Turkey}
}


@article{fuentes2017robust,
  title={A robust deep-learning-based detector for real-time tomato plant diseases and pests recognition},
  author={Fuentes, Alvaro and Yoon, Sook and Kim, Sang Cheol and Park, Dong Sun},
  journal={Sensors},
  volume={17},
  number={9},
  pages={2022},
  year={2017},
  publisher={Multidisciplinary Digital Publishing Institute}
}


@article{liu2018identification,
  title={Identification of apple leaf diseases based on deep convolutional neural networks},
  author={Liu, Bin and Zhang, Yun and He, DongJian and Li, Yuxiang},
  journal={Symmetry},
  volume={10},
  number={1},
  pages={11},
  year={2018},
  publisher={Multidisciplinary Digital Publishing Institute}
}

@article{kamal2019depthwise,
  title={Depthwise separable convolution architectures for plant disease classification},
  author={Kamal, KC and Yin, Zhendong and Wu, Mingyang and Wu, Zhilu},
  journal={Computers and Electronics in Agriculture},
  volume={165},
  pages={104948},
  year={2019},
  publisher={Elsevier}
}

@article{hughes2015open,
  title={An open access repository of images on plant health to enable the development of mobile disease diagnostics},
  author={Hughes, David and Salath{\'e}, Marcel and others},
  journal={arXiv preprint arXiv:1511.08060},
  year={2015}
}

@article{lee1990comparative,
  title={A comparative performance study of several global thresholding techniques for segmentation},
  author={Lee, Sang Uk and Chung, Seok Yoon and Park, Rae Hong},
  journal={Computer Vision, Graphics, and Image Processing},
  volume={52},
  number={2},
  pages={171--190},
  year={1990},
  publisher={Elsevier}
}

@article{otsu1979threshold,
  title={A threshold selection method from gray-level histograms},
  author={Otsu, Nobuyuki},
  journal={IEEE transactions on systems, man, and cybernetics},
  volume={9},
  number={1},
  pages={62--66},
  year={1979},
  publisher={IEEE}
}

@article{sezgin2004survey,
  title={Survey over image thresholding techniques and quantitative performance evaluation},
  author={Sezgin, Mehmet and Sankur, B{\"u}lent},
  journal={Journal of Electronic imaging},
  volume={13},
  number={1},
  pages={146--165},
  year={2004},
  publisher={International Society for Optics and Photonics}
}

@inproceedings{guruprasad2020overview,
  title={OVERVIEW OF DIFFERENT THRESHOLDING METHODS IN IMAGE PROCESSING},
  author={Guruprasad, Prathima},
  booktitle={TEQIP Sponsored 3rd National Conference on ETACC},
  year={2020}
}

@article{pratt2007digital,
  title={Digital image processing: Piks scientific inside. wiley-interscience, john wiley \& sons, inc},
  author={Pratt, WK},
  year={2007}
}


@book{acharya2005image,
  title={Image processing: principles and applications},
  author={Acharya, Tinku and Ray, Ajoy K},
  year={2005},
  publisher={John Wiley \& Sons}
}

@article{jack2007ntsc,
  title={NTSC and PAL digital encoding and decoding},
  author={Jack, K},
  journal={Video Demystified. 5th ed. Burlington: Newnes},
  pages={388--465},
  year={2007}
}

@book{nixon2019feature,
  title={Feature extraction and image processing for computer vision},
  author={Nixon, Mark and Aguado, Alberto},
  year={2019},
  publisher={Academic press}
}

@article{kanan2012color,
  title={Color-to-grayscale: does the method matter in image recognition?},
  author={Kanan, Christopher and Cottrell, Garrison W},
  journal={PloS one},
  volume={7},
  number={1},
  pages={e29740},
  year={2012},
  publisher={Public Library of Science San Francisco, USA}
}

@inproceedings{cadik2008perceptual,
  title={Perceptual evaluation of color-to-grayscale image conversions},
  author={{\^C}ad{\'\i}k, M},
  booktitle={Computer Graphics Forum},
  volume={27},
  number={7},
  pages={1745--1754},
  year={2008},
  organization={Wiley Online Library}
}

@article{basu2002gaussian,
  title={Gaussian-based edge-detection methods-a survey},
  author={Basu, Mitra},
  journal={IEEE Transactions on Systems, Man, and Cybernetics, Part C (Applications and Reviews)},
  volume={32},
  number={3},
  pages={252--260},
  year={2002},
  publisher={IEEE}
}

@inproceedings{hsiao2007generic,
  title={Generic 2-D gaussian smoothing filter for noisy image processing},
  author={Hsiao, Pei-Yung and Chou, Shin-Shian and Huang, Feng-Cheng},
  booktitle={TENCON 2007-2007 IEEE Region 10 Conference},
  pages={1--4},
  year={2007},
  organization={IEEE}
}

@article{waldchen2018plant,
  title={Plant species identification using computer vision techniques: A systematic literature review},
  author={W{\"a}ldchen, Jana and M{\"a}der, Patrick},
  journal={Archives of Computational Methods in Engineering},
  volume={25},
  number={2},
  pages={507--543},
  year={2018},
  publisher={Springer}
}

@article{goodfellow2014generative,
  title={Generative adversarial nets},
  author={Goodfellow, Ian and Pouget-Abadie, Jean and Mirza, Mehdi and Xu, Bing and Warde-Farley, David and Ozair, Sherjil and Courville, Aaron and Bengio, Yoshua},
  journal={Advances in neural information processing systems},
  volume={27},
  year={2014}
}

@article{denton2015deep,
  title={Deep generative image models using a laplacian pyramid of adversarial networks},
  author={Denton, Emily and Chintala, Soumith and Szlam, Arthur and Fergus, Rob},
  journal={arXiv preprint arXiv:1506.05751},
  year={2015}
}

@article{mirza2014conditional,
  title={Conditional generative adversarial nets},
  author={Mirza, Mehdi and Osindero, Simon},
  journal={arXiv preprint arXiv:1411.1784},
  year={2014}
}

@inproceedings{chen2016infogan,
  title={Infogan: Interpretable representation learning by information maximizing generative adversarial nets},
  author={Chen, Xi and Duan, Yan and Houthooft, Rein and Schulman, John and Sutskever, Ilya and Abbeel, Pieter},
  booktitle={Proceedings of the 30th International Conference on Neural Information Processing Systems},
  pages={2180--2188},
  year={2016}
}


@article{Giselsson2017,
author = {Giselsson, Thomas Mosgaard and Dyrmann, Mads and J{\o}rgensen, Rasmus Nyholm and Jensen, Peter Kryger and Midtiby, Henrik Skov},
journal = {arXiv preprint},
keywords = {benchmark,database,plant seedlings,segmentation,site-specific weed control},
title = {{A Public Image Database for Benchmark of Plant Seedling Classification Algorithms}},
year = {2017}
}

@article{whyna,
  title={Topological structural analysis of digitized binary images by border following},
  author={Suzuki, Satoshi and others},
  journal={Computer vision, graphics, and image processing},
  volume={30},
  number={1},
  pages={32--46},
  year={1985},
  publisher={Elsevier}
}

@article{radford2015unsupervised,
  title={Unsupervised representation learning with deep convolutional generative adversarial networks},
  author={Radford, Alec and Metz, Luke and Chintala, Soumith},
  journal={arXiv preprint arXiv:1511.06434},
  year={2015}
}

@inproceedings{gandhi2018plant,
  title={Plant disease detection using CNNs and GANs as an augmentative approach},
  author={Gandhi, Rutu and Nimbalkar, Shubham and Yelamanchili, Nandita and Ponkshe, Surabhi},
  booktitle={2018 IEEE International Conference on Innovative Research and Development (ICIRD)},
  pages={1--5},
  year={2018},
  organization={IEEE}
}

@article{arsenovic2019solving,
  title={Solving current limitations of deep learning based approaches for plant disease detection},
  author={Arsenovic, Marko and Karanovic, Mirjana and Sladojevic, Srdjan and Anderla, Andras and Stefanovic, Darko},
  journal={Symmetry},
  volume={11},
  number={7},
  pages={939},
  year={2019},
  publisher={Multidisciplinary Digital Publishing Institute}
}

@article{barth2020optimising,
  title={Optimising realism of synthetic images using cycle generative adversarial networks for improved part segmentation},
  author={Barth, Ruud and Hemming, Jochen and Van Henten, Eldert J},
  journal={Computers and Electronics in Agriculture},
  volume={173},
  pages={105378},
  year={2020},
  publisher={Elsevier}
}


@inproceedings{zhu2018data,
  title={Data Augmentation using Conditional Generative Adversarial Networks for Leaf Counting in Arabidopsis Plants.},
  author={Zhu, Yezi and Aoun, Marc and Krijn, Marcel and Vanschoren, Joaquin and Campus, High Tech},
  booktitle={BMVC},
  pages={324},
  year={2018}
}

@article{karras2017progressive,
  title={Progressive growing of gans for improved quality, stability, and variation},
  author={Karras, Tero and Aila, Timo and Laine, Samuli and Lehtinen, Jaakko},
  journal={arXiv preprint arXiv:1710.10196},
  year={2017}
}

@inproceedings{karras2019style,
  title={A style-based generator architecture for generative adversarial networks},
  author={Karras, Tero and Laine, Samuli and Aila, Timo},
  booktitle={Proceedings of the IEEE/CVF Conference on Computer Vision and Pattern Recognition},
  pages={4401--4410},
  year={2019}
}


@article{gatys2015neural,
  title={A neural algorithm of artistic style},
  author={Gatys, Leon A and Ecker, Alexander S and Bethge, Matthias},
  journal={arXiv preprint arXiv:1508.06576},
  year={2015}
}

@article{harvey2014extreme,
  title={Extreme vulnerability of smallholder farmers to agricultural risks and climate change in Madagascar},
  author={Harvey, Celia A and Rakotobe, Zo Lalaina and Rao, Nalini S and Dave, Radhika and Razafimahatratra, Hery and Rabarijohn, Rivo Hasinandrianina and Rajaofara, Haingo and MacKinnon, James L},
  journal={Philosophical Transactions of the Royal Society B: Biological Sciences},
  volume={369},
  number={1639},
  pages={20130089},
  year={2014},
  publisher={The Royal Society}
}

@article{mohanty2016using,
  title={Using deep learning for image-based plant disease detection},
  author={Mohanty, Sharada P and Hughes, David P and Salath{\'e}, Marcel},
  journal={Frontiers in plant science},
  volume={7},
  pages={1419},
  year={2016},
  publisher={frontiers}
}


@article{ashourloo2016investigation,
  title={An investigation into machine learning regression techniques for the leaf rust disease detection using hyperspectral measurement},
  author={Ashourloo, Davoud and Aghighi, Hossein and Matkan, Ali Akbar and Mobasheri, Mohammad Reza and Rad, Amir Moeini},
  journal={IEEE journal of selected topics in applied earth observations and remote sensing},
  volume={9},
  number={9},
  pages={4344--4351},
  year={2016},
  publisher={IEEE}
}

@article{zhang2019deep,
  title={A deep learning-based approach for automated yellow rust disease detection from high-resolution hyperspectral UAV images},
  author={Zhang, Xin and Han, Liangxiu and Dong, Yingying and Shi, Yue and Huang, Wenjiang and Han, Lianghao and Gonz{\'a}lez-Moreno, Pablo and Ma, Huiqin and Ye, Huichun and Sobeih, Tam},
  journal={Remote Sensing},
  volume={11},
  number={13},
  pages={1554},
  year={2019},
  publisher={Multidisciplinary Digital Publishing Institute}
}

@article{wang2017automatic,
  title={Automatic image-based plant disease severity estimation using deep learning},
  author={Wang, Guan and Sun, Yu and Wang, Jianxin},
  journal={Computational intelligence and neuroscience},
  volume={2017},
  year={2017},
  publisher={Hindawi}
}

@article{liu2017computer,
  title={A computer vision system for early stage grape yield estimation based on shoot detection},
  author={Liu, Scarlett and Cossell, Steve and Tang, Julie and Dunn, Gregory and Whitty, Mark},
  journal={Computers and Electronics in Agriculture},
  volume={137},
  pages={88--101},
  year={2017},
  publisher={Elsevier}
}

@inproceedings{gao2017mobile,
  title={A mobile application for plant recognition through deep learning},
  author={Gao, Min and Lin, Lang and Sinnott, Richard O},
  booktitle={2017 IEEE 13th International Conference on e-Science (e-Science)},
  pages={29--38},
  year={2017},
  organization={IEEE}
}

@article{yi2020deep,
  title={Deep learning for non-invasive diagnosis of nutrient deficiencies in sugar beet using RGB images},
  author={Yi, Jinhui and Krusenbaum, Lukas and Unger, Paula and H{\"u}ging, Hubert and Seidel, Sabine J and Schaaf, Gabriel and Gall, Juergen},
  journal={Sensors},
  volume={20},
  number={20},
  pages={5893},
  year={2020},
  publisher={Multidisciplinary Digital Publishing Institute}
}

@article{ward2018deep,
  title={Deep leaf segmentation using synthetic data},
  author={Ward, Daniel and Moghadam, Peyman and Hudson, Nicolas},
  journal={arXiv preprint arXiv:1807.10931},
  year={2018}
}

@article{da2019estimating,
  title={Estimating soybean leaf defoliation using convolutional neural networks and synthetic images},
  author={da Silva, Lucas Abreu and Bressan, Patrik Ol{\~a} and Gon{\c{c}}alves, Diogo Nunes and Freitas, Daniel Matte and Machado, Bruno Brandoli and Gon{\c{c}}alves, Wesley Nunes},
  journal={Computers and electronics in agriculture},
  volume={156},
  pages={360--368},
  year={2019},
  publisher={Elsevier}
}

@article{silvano2021synthetic,
  title={Synthetic image generation for training deep learning-based automated license plate recognition systems on the Brazilian Mercosur standard},
  author={Silvano, Gilles and Ribeiro, Vin{\'\i}cius and Greati, Vitor and Bezerra, Aguinaldo and Silva, Ivanovitch and Endo, Patricia Takako and Lynn, Theo},
  journal={Design Automation for Embedded Systems},
  volume={25},
  number={2},
  pages={113--133},
  year={2021},
  publisher={Springer}
}

@article{bjorklund2019robust,
  title={Robust license plate recognition using neural networks trained on synthetic images},
  author={Bj{\"o}rklund, Tomas and Fiandrotti, Attilio and Annarumma, Mauro and Francini, Gianluca and Magli, Enrico},
  journal={Pattern Recognition},
  volume={93},
  pages={134--146},
  year={2019},
  publisher={Elsevier}
}

@inproceedings{svoboda2012generation,
  title={Generation of synthetic image datasets for time-lapse fluorescence microscopy},
  author={Svoboda, David and Ulman, Vladim{\'\i}r},
  booktitle={International Conference Image Analysis and Recognition},
  pages={473--482},
  year={2012},
  organization={Springer}
}

@inproceedings{han2018gan,
  title={GAN-based synthetic brain MR image generation},
  author={Han, Changhee and Hayashi, Hideaki and Rundo, Leonardo and Araki, Ryosuke and Shimoda, Wataru and Muramatsu, Shinichi and Furukawa, Yujiro and Mauri, Giancarlo and Nakayama, Hideki},
  booktitle={2018 IEEE 15th international symposium on biomedical imaging (ISBI 2018)},
  pages={734--738},
  year={2018},
  organization={IEEE}
}

@inproceedings{prokopenko2019unpaired,
  title={Unpaired synthetic image generation in radiology using gans},
  author={Prokopenko, Denis and Stadelmann, Jo{\"e}l Valentin and Schulz, Heinrich and Renisch, Steffen and Dylov, Dmitry V},
  booktitle={Workshop on Artificial Intelligence in Radiation Therapy},
  pages={94--101},
  year={2019},
  organization={Springer}
}

@article{barreto2020hyperspectral,
  title={Hyperspectral imaging of symptoms induced by Rhizoctonia solani in sugar beet: Comparison of input data and different machine learning algorithms},
  author={Barreto, Abel and Paulus, Stefan and Varrelmann, Mark and Mahlein, Anne-Katrin},
  journal={Journal of Plant Diseases and Protection},
  volume={127},
  number={4},
  pages={441--451},
  year={2020},
  publisher={Springer}
}

@article{ferentinos2018deep,
  title={Deep learning models for plant disease detection and diagnosis},
  author={Ferentinos, Konstantinos P},
  journal={Computers and electronics in agriculture},
  volume={145},
  pages={311--318},
  year={2018},
  publisher={Elsevier}
}

@article{jay2020scoring,
  title={Scoring cercospora leaf spot on sugar beet: comparison of UGV and UAV phenotyping systems},
  author={Jay, Sylvain and Comar, Alexis and Benicio, Rafael and Beauvois, Julie and Dutartre, Dan and Daubige, Gaetan and Li, Wenjuan and Labrosse, Jeremy and Thomas, Samuel and Henry, Nicolas and others},
  journal={Plant Phenomics},
  volume={2020},
  year={2020},
  publisher={AAAS}
}

@book{goodfellow2016deep,
  title={Deep learning},
  author={Goodfellow, Ian and Bengio, Yoshua and Courville, Aaron},
  year={2016},
  publisher={MIT press}
}

@unpublished{project_work,
author  = {Alao, Olaniyi Bayonle},
title   = {Disease Detection in Sugar beet Plant Leaves},
year    = {2022},
note    = {to appear},
}

@article{rukundo2021effects,
  title={Effects of Image Size on Deep Learning},
  author={Rukundo, Olivier},
  journal={arXiv preprint arXiv:2101.11508},
  year={2021}
}




















@article{Reference1,
	Abstract = {We have developed an enhanced Littrow configuration extended cavity diode laser (ECDL) that can be tuned without changing the direction of the output beam. The output of a conventional Littrow ECDL is reflected from a plane mirror fixed parallel to the tuning diffraction grating. Using a free-space Michelson wavemeter to measure the laser wavelength, we can tune the laser over a range greater than 10 nm without any alteration of alignment.},
	Author = {C. J. Hawthorn and K. P. Weber and R. E. Scholten},
	Journal = {Review of Scientific Instruments},
	Month = {12},
	Number = {12},
	Numpages = {3},
	Pages = {4477--4479},
	Title = {Littrow Configuration Tunable External Cavity Diode Laser with Fixed Direction Output Beam},
	Volume = {72},
	Url = {http://link.aip.org/link/?RSI/72/4477/1},
	Year = {2001}}

@article{Reference3,
	Abstract = {Operating a laser diode in an extended cavity which provides frequency-selective feedback is a very effective method of reducing the laser's linewidth and improving its tunability. We have developed an extremely simple laser of this type, built from inexpensive commercial components with only a few minor modifications. A 780~nm laser built to this design has an output power of 80~mW, a linewidth of 350~kHz, and it has been continuously locked to a Doppler-free rubidium transition for several days.},
	Author = {A. S. Arnold and J. S. Wilson and M. G. Boshier and J. Smith},
	Journal = {Review of Scientific Instruments},
	Month = {3},
	Number = {3},
	Numpages = {4},
	Pages = {1236--1239},
	Title = {A Simple Extended-Cavity Diode Laser},
	Volume = {69},
	Url = {http://link.aip.org/link/?RSI/69/1236/1},
	Year = {1998}}

@article{Reference2,
	Abstract = {We present a review of the use of diode lasers in atomic physics with an extensive list of references. We discuss the relevant characteristics of diode lasers and explain how to purchase and use them. We also review the various techniques that have been used to control and narrow the spectral outputs of diode lasers. Finally we present a number of examples illustrating the use of diode lasers in atomic physics experiments. Review of Scientific Instruments is copyrighted by The American Institute of Physics.},
	Author = {Carl E. Wieman and Leo Hollberg},
	Journal = {Review of Scientific Instruments},
	Keywords = {Diode Laser},
	Month = {1},
	Number = {1},
	Numpages = {20},
	Pages = {1--20},
	Title = {Using Diode Lasers for Atomic Physics},
	Volume = {62},
	Url = {http://link.aip.org/link/?RSI/62/1/1},
	Year = {1991}}

